<?xml version="1.0" encoding="UTF-8"?><collection xmlns="http://www.loc.gov/MARC21/slim"><record><leader>00386nam--2200133-i-4500</leader><controlfield tag="001">000049634</controlfield><controlfield tag="002">20161230</controlfield><controlfield tag="005">20161230201047</controlfield><controlfield tag="008">060222s1000------------r-----000-0-eng-d</controlfield><datafield ind1=" " ind2=" " tag="080"><subfield code="a">681.53</subfield></datafield><datafield ind1=" " ind2=" " tag="100"><subfield code="a">Arais,E.A. I Iakovlev,N.E</subfield></datafield><datafield ind1=" " ind2=" " tag="245"><subfield code="a">Sistema kollektivnogo polzovaniia v avtomatizacii atmosferno-opticheskih issledovanii</subfield></datafield><datafield ind1=" " ind2=" " tag="260"><subfield code="a">Novosibirsk, Nauka, 1984. 145 S</subfield></datafield><datafield ind1=" " ind2=" " tag="852"><subfield code="a">72173</subfield></datafield></record></collection>